<record><leader>00000cas a22000007a 4500</leader><controlfield tag="001">10002442</controlfield><controlfield tag="008">831011d18601876nyuwr ne      0    0eng d</controlfield><datafield ind1=" " ind2=" " tag="010"><subfield code="a">sn 83031267 </subfield></datafield><datafield ind1=" " ind2=" " tag="040"><subfield code="a">NPU</subfield><subfield code="b">eng</subfield><subfield code="c">NPU</subfield><subfield code="d">NYG</subfield><subfield code="d">NPX</subfield><subfield code="d">NYS</subfield><subfield code="d">OCL</subfield><subfield code="d">OCLCQ</subfield><subfield code="d">OCLCF</subfield><subfield code="d">OCLCO</subfield></datafield><datafield ind1=" " ind2=" " tag="042"><subfield code="a">msc</subfield></datafield><datafield ind1=" " ind2=" " tag="043"><subfield code="a">n-us-ny</subfield></datafield><datafield ind1="0" ind2=" " tag="130"><subfield code="a">Carthage Republican (Carthage, N.Y. : 1860)</subfield></datafield><datafield ind1="1" ind2="4" tag="245"><subfield code="a">The Carthage Republican.</subfield></datafield><datafield ind1=" " ind2=" " tag="260"><subfield code="a">Carthage, N.Y. :</subfield><subfield code="b">M. Bickford,</subfield><subfield code="c">1860-1876.</subfield></datafield><datafield ind1=" " ind2=" " tag="300"><subfield code="a">17 v. :</subfield><subfield code="b">ill. (chiefly advertisements) ;</subfield><subfield code="c">65 cm.</subfield></datafield><datafield ind1=" " ind2=" " tag="310"><subfield code="a">Weekly</subfield></datafield><datafield ind1="0" ind2=" " tag="362"><subfield code="a">Vol. 1, no. 1 (May 10, 1860)-v. 17, no. 3 (May 2, 1876).</subfield></datafield><datafield ind1=" " ind2=" " tag="500"><subfield code="a">Publishers: Marcus Bickford, 1860-186&lt;&gt;; James H. Wilbur &amp; Co., &lt;1867&gt;.</subfield></datafield><datafield ind1=" " ind2=" " tag="500"><subfield code="a">Republican. Cf. Rowell, 1869.</subfield></datafield><datafield ind1=" " ind2=" " tag="500"><subfield code="a">Editor: Marcus Bickford, &lt;1865&gt;.</subfield></datafield><datafield ind1=" " ind2="0" tag="651"><subfield code="a">Carthage (N.Y.)</subfield><subfield code="v">Newspapers.</subfield></datafield><datafield ind1=" " ind2="0" tag="651"><subfield code="a">Jefferson County (N.Y.)</subfield><subfield code="v">Newspapers.</subfield></datafield><datafield ind1=" " ind2="7" tag="655"><subfield code="a">Newspapers.</subfield><subfield code="2">fast</subfield><subfield code="0">(OCoLC)fst01423814</subfield></datafield><datafield ind1=" " ind2="7" tag="651"><subfield code="a">New York (State)</subfield><subfield code="z">Carthage.</subfield><subfield code="2">fast</subfield><subfield code="0">(OCoLC)fst01232977</subfield></datafield><datafield ind1=" " ind2="7" tag="651"><subfield code="a">New York (State)</subfield><subfield code="z">Jefferson County.</subfield><subfield code="2">fast</subfield><subfield code="0">(OCoLC)fst01209430</subfield></datafield><datafield ind1=" " ind2=" " tag="752"><subfield code="a">United States</subfield><subfield code="b">New York</subfield><subfield code="c">Jefferson</subfield><subfield code="d">Carthage.</subfield></datafield><datafield ind1="0" ind2="7" tag="785"><subfield code="t">Northern New Yorker (Carthage, N.Y.)</subfield><subfield code="w">(DLC)sn 85026182</subfield></datafield><datafield ind1="0" ind2="7" tag="785"><subfield code="t">Carthage Republican and the northern New Yorker</subfield><subfield code="w">(DLC)sn 84035768</subfield></datafield></record>